<record><leader>00000cas a22000007a 4500</leader><controlfield tag="001">11138624</controlfield><controlfield tag="008">840910d18551864wiuwr ne      0   a0eng d</controlfield><controlfield tag="009">148</controlfield><datafield ind1=" " ind2=" " tag="010"><subfield code="a">sn 84031370 </subfield></datafield><datafield ind1=" " ind2=" " tag="040"><subfield code="a">NYG</subfield><subfield code="b">eng</subfield><subfield code="c">NYG</subfield><subfield code="d">DLC</subfield><subfield code="d">NPV</subfield></datafield><datafield ind1="1" ind2=" " tag="029"><subfield code="a">AU@</subfield><subfield code="b">000025801394</subfield></datafield><datafield ind1=" " ind2=" " tag="042"><subfield code="a">msc</subfield></datafield><datafield ind1="0" ind2="0" tag="050"><subfield code="a">Newspaper</subfield></datafield><datafield ind1="0" ind2="0" tag="245"><subfield code="a">Hudson north star.</subfield></datafield><datafield ind1=" " ind2=" " tag="260"><subfield code="a">Hudson, Wis. :</subfield><subfield code="b">Otis &amp; Shaver,</subfield><subfield code="c">1855-</subfield></datafield><datafield ind1=" " ind2=" " tag="300"><subfield code="a">v.</subfield></datafield><datafield ind1=" " ind2=" " tag="310"><subfield code="a">Weekly</subfield></datafield><datafield ind1="0" ind2=" " tag="362"><subfield code="a">Vol. 1, no. 28 (June 13, 1855)-</subfield></datafield><datafield ind1="1" ind2=" " tag="362"><subfield code="a">Ceased in Sept. 1864.</subfield><subfield code="z">Cf. Oehlerts, D.E.  Guide to Wis. newspapers.</subfield></datafield><datafield ind1=" " ind2=" " tag="752"><subfield code="a">United States</subfield><subfield code="b">Wisconsin</subfield><subfield code="c">St Croix</subfield><subfield code="d">Hudson.</subfield></datafield><datafield ind1="0" ind2="0" tag="780"><subfield code="t">North star (Husdon, Wis.)</subfield><subfield code="w">(DLC)sn 86072053</subfield></datafield><datafield ind1="0" ind2="7" tag="785"><subfield code="t">Hudson city times</subfield><subfield code="w">(DLC)sn 84024403</subfield></datafield><datafield ind1="0" ind2="7" tag="785"><subfield code="t">Hudson star and times</subfield><subfield code="w">(DLC)sn 85033120</subfield></datafield></record>